<?xml version="1.0" encoding="UTF-8"?><collection xmlns="http://www.loc.gov/MARC21/slim"><record><leader>00597nam--2200181-i-4500</leader><controlfield tag="001">000011054</controlfield><controlfield tag="002">20161230</controlfield><controlfield tag="005">20161230201029</controlfield><controlfield tag="008">060222s1000------------r-----000-0-fre-d</controlfield><datafield ind1=" " ind2=" " tag="040"><subfield code="a">IFIN-HH</subfield></datafield><datafield ind1=" " ind2=" " tag="041"><subfield code="a">fre</subfield></datafield><datafield ind1=" " ind2=" " tag="080"><subfield code="a">539.171.12.017(043)</subfield></datafield><datafield ind1="1" ind2=" " tag="100"><subfield code="a">Cavaignac, Jean-Francois</subfield></datafield><datafield ind1="1" ind2="0" tag="245"><subfield code="a">Diffusion inelastique de protons de 30 mev sur 11 b et 21 ne. interpretation en terms de melanges de bandes rotationnelles</subfield><subfield code="b">These</subfield><subfield code="c">Jean-francois cavaignac</subfield></datafield><datafield ind1=" " ind2=" " tag="260"><subfield code="a">Grenoble</subfield><subfield code="b">Universite Scientifique Et Medicale</subfield><subfield code="c">1973</subfield></datafield><datafield ind1=" " ind2=" " tag="300"><subfield code="a">92P</subfield></datafield><datafield ind1=" " ind2=" " tag="852"><subfield code="a">42110</subfield><subfield code="c">539.17</subfield></datafield><datafield ind1=" " ind2=" " tag="CAT"><subfield code="a">Sys</subfield><subfield code="c">20120613</subfield><subfield code="h">103202</subfield></datafield></record></collection>